@manual{rfc1,
author	=  {Silvio CESARE},
title	= {Fast Automated Unpacking and Classificationof Malware},
note	= { Masters Thesis,Central Queensland University},
month =  {},
year	= {2010}
}

@manual{rfc2,
author	=  {Jingjing Yao and Qiang Hou},
title	= {Malicious executables classification based on behavioral factor analysis},
note	= {International Conference on e-Education, e-Business, e-Management and e-Learning},
month =  {},
year	= {2010}
}

@manual{rfc3,
author=  {D. Estrin and D. Farinacci and A. Helmy, D. Thaler and S. Deering M. Handley and V. Jacobson and C. Liu and P. Sharma and L. Wei },
title	= {RFC 2362: Protocol Independent Multicast-Sparse Mode (PIM-SM): Protocol Specification},
note	= {RFC 2362},
month =  {},
year	= {1998}
}

@manual{rfc4,
author	=  {B. Fenner and D. Meyer },
title	= {RFC 3618 - Multicast Source Discovery Protocol (MSDP)},
note	= {RFC 3618},
month =  {},
year	= {2003}
}
@manual{rfc5,
author	=  {S. Bhattacharyya },
title	= {An Overview of Source-Specific Multicast},
note	= {RFC 3618},
month =  {},
year	= {2003}
}


@manual{rfc6,
author	=  {D. Waitzman and  C. Partridge and BBN STC and S. Deering},
title	= {Distance Vector Multicast Routing Protocol},
note	= {RFC 1075},
month =  {},
year	= {1998}
}


@manual{rfc7,
author	=  {J. Moy },
title	= {MOSPF: Analysis and Experience},
note	= {RFC 1585},
month =  {},
year	= {1994}
}


@manual{rfc8,
author	=  {A. Adams and J. Nicholas and W. Siadak },
title	= {Protocol Independent Multicast - Dense Mode },
note	= {RFC 3973},
month =  {},
year	= {2005}
}

@manual{rfc9,
author	=  {A. Ballardie },
title	= {Core Based Trees (CBT version 2) Multicast Routing},
note	= {RFC 2189},
month =  {},
year	= {1997}
}

@manual{rfc10,
author	=  {J. Moy },
title	= {OSPF Version 2},
note	= {RFC 2178},
month =  {},
year	= {1998}
}

@article{article1,
AUTHOR = {S.  Deering},
TITLE = {  Multicast Routing  in  Internetworks  and  Extended LANs,},
JOURNAL = {},
VOLUME = {},
  NUMBER =   {},
  PAGES =    {55- 64},
  YEAR =     {1988}
}

@article{article2,
AUTHOR = {S.  Deering},
TITLE = { Inter-domain Multicast Routing},
JOURNAL = {},
VOLUME = {},
  NUMBER =   {},
  PAGES =    {},
  YEAR =     {1988}
}

@article{article3,
AUTHOR = {Almeroth} , 
TITLE = {The evolution of multicast: from the MBone to inter-domain multicast to Internet2 deployment},
JOURNAL = {IEEE},
VOUME = {14},
YEAR = {2000}
}

@article{article4,
AUTHOR ={Satish and Kumart  and  Radoslavov},
TITLE = {the MASC / BGMP Architecture for Inter-domain Multicast routing},
JOURNAL = {IEEE},
VOLUME = {},
  NUMBER =   {},
  PAGES =    {},
  YEAR =     {1998}
}

@article{article5,
  AUTHOR =   {Maira Ramalho and Alcatel Corporate Research Centre},
  TITLE =    {MULTICAST ROUTING PROTOCOLS:  A SURVEY AND TAXONOMY},
  JOURNAL =  {IEEE},
  VOLUME =   {},
  NUMBER =   {},
  PAGES =    {},
  YEAR =     {2009}
}

@article{article6,
AUTHOR = {Bin Wang  Hou},
TITLE = {Multicast routing and its QoS extension: problems, algorithms, and protocols},
JOURNAL = {IEEE},
VOUME = {14},
YEAR = {2002}
}

